@inproceedings{origin,
  author    = {清华大学},
  title     = {THU Beamer Theme},
  year      = {2015},
  url       = {https://github.com/tuna/THU-Beamer-Theme},
}